<record xmlns="http://www.loc.gov/MARC21/slim" xmlns:xsi="http://www.w3.org/2001/XMLSchema-instance" xsi:schemaLocation="http://www.loc.gov/MARC21/slim http://www.loc.gov/standards/marcxml/schema/MARC21slim.xsd"><leader>01673nam a2200241   4500</leader><controlfield tag="001">002049857</controlfield><controlfield tag="003">NNU</controlfield><controlfield tag="006">m        d        </controlfield><controlfield tag="007">cr cn |||m|||a</controlfield><controlfield tag="008">140707s1889    su      o     000 0 ara d</controlfield><datafield ind1=" " ind2=" " tag="040"><subfield code="a">NNU</subfield><subfield code="b">eng</subfield><subfield code="c">NNU</subfield></datafield><datafield ind1="1" ind2=" " tag="100"><subfield code="a">Ibn Muqarrab, &#699;Al&#299;,</subfield><subfield code="d">1176 or 7-1231 or 2.</subfield></datafield><datafield ind1="1" ind2="0" tag="240"><subfield code="a">D&#299;w&#257;n al-sh&#257;&#699;ir al-lab&#299;b al-f&#257;&#7693;il al-b&#257;ri&#699; al-ad&#299;b Ab&#363; &#699;Abd All&#257;h Mu&#7717;ammad ibn &#699;Al&#299; ibn al-Muqarrab ibn al-Man&#7779;&#363;r ibn Muqarrab ibn &#699;Al&#299; ibn &#699;Abd All&#257;h ibn Mu&#7717;ammad ibn Ibr&#257;h&#299;m ibn Mu&#7717;ammad al-Qaly&#363;n&#299; al-I&#7717;s&#257;&#700;&#299;.</subfield></datafield><datafield ind1="1" ind2="0" tag="245"><subfield code="a">H&#257;dh&#257; D&#299;w&#257;n al-sh&#257;&#699;ir al-lab&#299;b al-f&#257;&#7693;il al-b&#257;ri&#699; al-ad&#299;b Ab&#363; &#699;Abd All&#257;h Mu&#7717;ammad ibn &#699;Al&#299; ibn al-Muqarrab ibn al-Man&#7779;&#363;r ibn Muqarrab ibn &#699;Al&#299; ibn &#699;Abd All&#257;h ibn Mu&#7717;ammad ibn Ibr&#257;h&#299;m ibn Mu&#7717;ammad al-Qaly&#363;n&#299; al-I&#7717;s&#257;&#700;&#299;</subfield><subfield code="h">[electronic resource].</subfield></datafield><datafield ind1=" " ind2=" " tag="260"><subfield code="a">[Mecca :</subfield><subfield code="b">s.n.,</subfield><subfield code="c">1307 [1889]]</subfield></datafield><datafield ind1=" " ind2=" " tag="300"><subfield code="a">online resource (120 p.)</subfield></datafield><datafield ind1=" " ind2=" " tag="500"><subfield code="a">Part of the Arabic Collections Online (ACO) project, contributed by New York Univeristy Libraries.</subfield></datafield><datafield ind1=" " ind2=" " tag="533"><subfield code="a">Electronic reproduction.</subfield><subfield code="b">New York, N.Y. :</subfield><subfield code="c">New York University,</subfield><subfield code="d">2014.</subfield><subfield code="5">NNU</subfield></datafield><datafield ind1="2" ind2=" " tag="710"><subfield code="a">New York University.</subfield><subfield code="b">Libraries.</subfield></datafield><datafield ind1="0" ind2=" " tag="730"><subfield code="a">Arabic Collections Online.</subfield></datafield><datafield ind1="0" ind2="8" tag="776"><subfield code="i">Print version:</subfield><subfield code="a">Ibn Muqarrab, &#699;Al&#299;, 1176 or 7-1231 or 2.</subfield><subfield code="t">H&#257;dh&#257; D&#299;w&#257;n al-sh&#257;&#699;ir al-lab&#299;b al-f&#257;&#7693;il al-b&#257;ri&#699; al-ad&#299;b Ab&#363; &#699;Abd All&#257;h Mu&#7717;ammad ibn &#699;Al&#299; ibn al-Muqarrab ibn al-Man&#7779;&#363;r ibn Muqarrab ibn &#699;Al&#299; ibn &#699;Abd All&#257;h ibn Mu&#7717;ammad ibn Ibr&#257;h&#299;m ibn Mu&#7717;ammad al-Qaly&#363;n&#299; al-I&#7717;s&#257;&#700;&#299;</subfield><subfield code="w">(NNU)002049857</subfield></datafield><datafield ind1="4" ind2="0" tag="856"><subfield code="u">http://hdl.handle.net/2333.1/08kprsww</subfield></datafield><datafield ind1=" " ind2=" " tag="959"><subfield code="a">NNU</subfield><subfield code="b">WEB</subfield><subfield code="c">GENI</subfield><subfield code="t">0</subfield><subfield code="m">Electronic access</subfield><subfield code="s">01</subfield></datafield></record>